@article{AhmedBollenAlvarez2021,
    author = {Ahmed, K. M. U. and Bollen, M. H. J. and Alvarez, M.},
    year = {2021},
    title = {A Review of Data Centers Energy Consumption and Reliability Modeling},
    journal = {IEEE Access},
    volume = {9},
    pages = {152536--152563},
    doi = {10.1109/ACCESS.2021.3125092}
}

@misc{AIMMS,
    author = {{AIMMS}},
    year = {2023},
    title = {Optimization Modeling},
    howpublished = {Available at: \url{https://documentation.aimms.com/_downloads/AIMMS_modeling.pdf}}
}

@article{AlharabeRakroukiAljohani2022,
    author = {Alharabe, N. and Rakrouki, M. A. and Aljohani, A.},
    year = {2022},
    title = {An Improved Ant Colony Algorithm for Solving a Virtual Machine Placement Problem in a Cloud Computing Environment},
    journal = {IEEE Access},
    volume = {10},
    pages = {44869--44880},
    doi = {10.1109/ACCESS.2022.3170103}
}

@article{AziziZandsalimiLi2020,
    author = {Azizi, S. and Zandsalimi, M. and Li, D.},
    year = {2020},
    title = {An energy-efficient algorithm for virtual machine placement optimization in cloud data centers},
    journal = {Cluster Computing},
    volume = {23},
    pages = {3421--3434},
    doi = {10.1007/s10586-020-03096-0}
}

@article{Azizi2021,
    author = {Azizi, S. and Shojafar, M. and Abawajy, J. and Buyya, R.},
    year = {2021},
    title = {GRVMP: A Greedy Randomized Algorithm for Virtual Machine Placement in Cloud Data Centers},
    journal = {IEEE Systems Journal},
    volume = {15},
    number = {2},
    pages = {2571--2582},
    doi = {10.1109/JSYST.2020.3002721}
}

@article{BalajiKiranKumar2023,
    author = {Balaji, K. and Kiran, P. S. and Kumar, M. S.},
    year = {2023},
    title = {Power aware virtual machine placement in {IaaS} cloud using discrete firefly algorithm},
    journal = {Applied Nanoscience},
    volume = {13},
    pages = {2003--2011},
    doi = {10.1007/s13204-021-02337-x}
}

@article{BeloglazlovAbawajyBuyya2012,
    author = {Beloglazlov, A. and Abawajy, J. and Buyya, R.},
    year = {2012},
    title = {Energy-aware resource allocation heuristics for efficient management of data centers for cloud computing},
    journal = {Future Generation Computer Systems},
    volume = {28},
    number = {5},
    pages = {755--768},
    doi = {10.1016/j.future.2011.04.017}
}

@article{Caviglione2021,
    author = {Caviglione, L. and Gaggero, M. and Paolucci, M. and Ronco, R.},
    year = {2021},
    title = {Deep reinforcement learning for multi-objective placement of virtual machines in cloud datacenters},
    journal = {Soft Computing},
    volume = {25},
    pages = {12569--12588},
    doi = {10.1007/s00500-020-05462-x}
}

@misc{Cloudflare,
    author = {{Cloudflare}},
    year = {n.d.},
    title = {What is multitenancy?},
    howpublished = {Cloudflare Learning Center},
    url = {https://www.cloudflare.com/learning/cloud/what-is-multitenancy}
}

@book{CoelloLamontVeldhuizen2007,
    author = {Coello, C. A. C. and Lamont, G. B. and Veldhuizen, D. A. V.},
    year = {2007},
    title = {Evolutionary Algorithms for Solving Multi-Objective Problems},
    edition = {Second},
    publisher = {Springer},
    address = {New York}
}

@article{DasDennis1998,
    author = {Das, I. and Dennis, J. E.},
    title = {Normal-Boundary Intersection: A New Method for Generating the Pareto Surface in Nonlinear Multicriteria Optimization Problems},
    journal = {SIAM Journal on Optimization},
    volume = {8},
    number = {3},
    pages = {631-657},
    year = {1998},
    doi = {10.1137/S1052623496307510},
}

@article{Deb2014,
    author = {Deb, K. and Jain, H.},
    year = {2014},
    title = {An Evolutionary Many-Objective Optimization Algorithm Using Reference-Point-Based Nondominated Sorting Approach, Part {I}: Solving Problems With Box Constraints},
    journal = {IEEE Transactions on Evolutionary Computation},
    volume = {18},
    number = {4},
    pages = {577--601},
    doi = {10.1109/TEVC.2013.2281535}
}

@article{Deb2002,
    author = {Deb, K. and Pratap, A. and Agarwal, S. and Meyarivan, T.},
    year = {2002},
    title = {A Fast and Elitist Multiobjective Genetic Algorithm: {NSGA-II}},
    journal = {IEEE Transactions on Evolutionary Computation},
    volume = {6},
    number = {2},
    pages = {182--197},
    doi = {10.1109/4235.996017}
}

@misc{DOcplex,
    author = {{IBM Decision Optimization}},
    title = {{CPLEX} Modeling for Python ({DOcplex}) {V2.25} documentation},
    howpublished = {Available at: \url{https://ibmdecisionoptimization.github.io/docplex-doc}}
}

@book{Ehrgott2005,
    author = {Ehrgott, M.},
    year = {2005},
    title = {Multicriteria Optimization},
    edition = {Second},
    publisher = {Springer},
    address = {New York}
}

@inproceedings{FalkenauerDelchambre1992,
    author = {Falkenauer, E. and Delchambre, A.},
    year = {1992},
    title = {A Genetic Algorithm for Bin Packing and Line Balancing},
    booktitle = {Proceedings of the 1992 {IEEE} International Conference on Robotics and Automation},
    address = {Nice, France},
    month = may,
    pages = {1186--1192},
    doi = {10.1109/ROBOT.1992.220088}
}

@inproceedings{Fang2013,
    author = {Fang, S. and Kanagavelu, R. and Lee, B. S. and Foh, C. H. and Aung, K. M. M.},
    year = {2013},
    title = {Power-efficient Virtual Machine Placement and Migration in Data Centers},
    booktitle = {2013 {IEEE} International Conference on Green Computing and Communications and {IEEE} Internet of Things and {IEEE} Cyber, Physical and Social Computing},
    address = {Beijing, China},
    doi = {10.1109/GreenCom-iThings-CPSCom.2013.246}
}

@article{Farrugia2023,
    author = {Farrugia, N. and Briffa, J. A. and Buttigieg, V.},
    year = {2023},
    title = {Solving the multicommodity flow problem using an evolutionary routing algorithm in a computer network environment},
    journal = {PLoS ONE},
    volume = {18},
    number = {4},
    doi = {10.1371/journal.pone.0278317}
}

@article{Fatima2018,
    author = {Fatima, A. and Javaid, N. and Sultana, T. and Hussain, W. and Bilal, M. and Shabbir, S. and Asim, Y. and Akbar, M. and Ilahi, M.},
    year = {2018},
    title = {Virtual Machine Placement via Bin Packing in Cloud Data Centers},
    journal = {Electronics},
    volume = {7},
    number = {12},
    pages = {389},
    doi = {10.3390/electronics7120389}
}

@book{FloudasPardalos2009,
    editor = {Floudas, C. A. and Pardalos, P. M.},
    year = {2009},
    title = {Encyclopedia of Optimization},
    edition = {Second},
    publisher = {Springer},
    address = {New York},
    doi = {10.1007/978-0-387-74759-0}
}

@techreport{Ford2011,
    author = {Ford, A. and Raiciu, C. and Handley, M. and Barre, S. and Iyengar, J.},
    year = {2011},
    title = {Architectural guidelines for multipath {TCP} development},
    institution = {Internet Engineering Task Force},
    type = {Request For Comments},
    number = {6182},
    url = {https://www.rfc-editor.org/rfc/rfc6182.html}
}

@article{Gao2013,
    author = {Gao, Y. and Guan, H. and Qi, Z. and Hou, Y. and Liu, L.},
    year = {2013},
    title = {A multi-objective ant colony system algorithm for virtual machine placement in cloud computing},
    journal = {Journal of Computer and System Sciences},
    volume = {79},
    pages = {1230--1242},
    doi = {10.1016/j.jcss.2013.02.004}
}

@article{GhasemiKeshavarzi2024,
    author = {Ghasemi, A. and Keshavarzi, A.},
    year = {2024},
    title = {Energy-efficient virtual machine placement in heterogenous cloud data centers: a clustering-enhanced multi-objective, multi-reward reinforcement learning approach},
    journal = {Cluster Computing},
    volume = {27},
    pages = {14149--14166},
    doi = {10.1007/s10586-024-04657-3}
}

@article{GhasemiHaghighatKeshavarzi2024,
    author = {Ghasemi, A. and Haghighat, A. T. and Keshavarzi, A.},
    year = {2024},
    title = {Enhancing virtual machine placement efficiency in cloud datacenters: a hybrid approach using multi-objective reinforcement learning and clustering strategies},
    journal = {Computing},
    volume = {106},
    pages = {2897--2922},
    doi = {10.1007/s00607-024-01311-z}
}

@article{Ghetas2021,
    author = {Ghetas, M.},
    year = {2021},
    title = {A multi-objective Monarch Butterfly Algorithm for virtual machine placement in cloud computing},
    journal = {Neural Computing and Applications},
    volume = {33},
    pages = {11011--11025},
    doi = {10.1007/s00521-020-05559-2}
}

@article{GopuVenkataraman2019,
    author = {Gopu, A. and Venkataraman, N.},
    year = {2019},
    title = {Optimal {VM} placement in distributed cloud environment using {MOEA/D}},
    journal = {Soft Computing},
    volume = {23},
    pages = {11277--11296},
    doi = {10.1007/s00500-018-03686-6}
}

@article{Gopu2023,
    author = {Gopu, A. and Thirugnanasambandam, K. and Rajakumar and Al-Ghamdi, A. S. and Alshamrani, S. S. and Maharajan, K. and Rashid, M.},
    year = {2023},
    title = {Energy-efficient virtual machine placement in distributed cloud using {NSGA-III} algorithm},
    journal = {Journal of Cloud Computing},
    volume = {12},
    pages = {124},
    doi = {10.1186/s13677-023-00501-y}
}

@book{Hill2013,
    author = {Hill, R. and Hirsch, L. and Lake, P. and Moshiri, S.},
    year = {2013},
    title = {Guide to Cloud Computing: Principles and Practice},
    publisher = {Springer},
    address = {London},
    doi = {10.1007/978-1-4471-4603-2}
}

@inproceedings{Hong2018,
    author = {Hong, C. Y. and Mandal, S. and Al-Fares, M. and Zhu, M. and Alimi, R. and Naidu, B. K. and Bhagat, C. and Jain, S. and Kaimal, J. and Liang, S. and Mendelev, K. and Padgett, S. and Rabe, F. and Ray, S. and Tewari, M. and Tierney, M. and Zahn, M. and Zolla, J. and Ong, J. and Vahdat, A.},
    year = {2018},
    title = {{B4} and After: Managing Hierarchy, Partitioning, and Asymmetry for Availability and Scale in Googleâ€™s Software-Defined {WAN}},
    booktitle = {{SIGCOMM} '18: Proceedings of the 2018 Conference of the {ACM} Special Interest Group on Data Communication},
    address = {Budapest, Hungary},
    month = aug,
    doi = {10.1145/3230543.3230545}
}

@inproceedings{Hong2013,
    author = {Hong, C. Y. and Kandula, S. and Mahajan, R. and Zhang, M. and Gill, V. and Nanduri, M. and Wattenhofer, R.},
    year = {2013},
    title = {Achieving High Utilization with Software-Driven {WAN}},
    booktitle = {{SIGCOMM} '13: Proceedings of the 2018 Conference of the {ACM} Special Interest Group on Data Communication},
    address = {Hong Kong, China},
    month = aug,
    doi = {10.1145/2486001.2486012}
}

@book{Huawei,
    author = {{Huawei Technologies Co., Ltd.}},
    year = {2023},
    title = {Cloud Computing Technology},
    publisher = {Springer},
    address = {Singapore},
    doi = {10.1007/978-981-19-3026-3}
}

@inproceedings{Jiang2012,
    author = {Jiang, J. W. and Lan, T. and Ha, S. and Chen, M. and Chiang, M.},
    year = {2012},
    title = {Joint {VM} Placement and Routing for Data Center Traffic Engineering},
    booktitle = {2012 Proceedings {IEEE INFOCOM}},
    address = {Orlando, USA},
    doi = {10.1109/INFCOM.2012.6195719}
}

@article{Jin2020,
    author = {Jin, C. and Bai, X. and Yang, C. and Mao, W. and Xu, X.},
    year = {2020},
    title = {A review of power consumption models of servers in data centers},
    journal = {Applied Energy},
    volume = {265},
    pages = {114806},
    doi = {10.1016/j.apenergy.2020.114806}
}

@book{Kao2008,
    editor = {Kao, M. Y.},
    year = {2008},
    title = {Encyclopedia of Algorithms},
    edition = {First},
    publisher = {Springer},
    address = {New York},
    doi = {10.1007/978-0-387-30162-4}
}

@book{KorteVygen2012,
    author = {Korte, B. and Vygen, J.},
    year = {2012},
    title = {Combinatorial Optimization: Theory and Algorithms},
    edition = {Fifth},
    publisher = {Springer},
    doi = {10.1007/978-3-642-24488-9}
}

@inproceedings{Liu2014,
    author = {Liu, C. and Shen, C. and Li, S. and Wang, S.},
    year = {2014},
    title = {A New Evolutionary Multi-Objective Algorithm to Virtual Machine Placement in Virtualized Data Center},
    booktitle = {2014 {IEEE} 5th International Conference on Software Engineering and Service Science},
    address = {Beijing, China},
    month = jun,
    doi = {10.1109/ICSESS.2014.6933561},
    note = {Accessed: 2025-03-15}
}

@article{Liu2018,
    author = {Liu, X. F. and Zhan, Z. H. and Deng, J. D. and Li, Y. and Gu, T. and Zhang, J.},
    year = {2018},
    title = {An Energy Efficient Ant Colony System for Virtual Machine Placement in Cloud Computing},
    journal = {IEEE Transactions on Evolutionary Computation},
    volume = {22},
    number = {1},
    pages = {113--128},
    doi = {10.1109/TEVC.2016.2623803}
}

@incollection{Luo2014,
    author = {Luo, G. and Qian, Z. and Dong, M. and Ota, K. and Lu, S.},
    year = {2014},
    title = {Network-Aware Re-Scheduling: Towards Improving Network Performance of Virtual Machines in a Data Center},
    booktitle = {Lecture Notes in Computer Science},
    volume = {8643},
    pages = {255--269},
    doi = {10.1007/978-3-319-11197-1-20}
}

@techreport{MellGrance2011,
    author = {Mell, P. and Grance, T.},
    year = {2011},
    title = {The {NIST} Definition of Cloud Computing},
    institution = {National Institute of Standards and Technology},
    type = {Special Publication},
    number = {800-145},
    doi = {10.6028/NIST.SP.800-145},
    url = {https://doi.org/10.6028/NIST.SP.800-145}
}

@article{Qin2020,
    author = {Qin, Y. and Wang, H. and Yi, S. and Li, X. and Zhai, L.},
    year = {2020},
    title = {Virtual machine placement based on multi-objective reinforcement learning},
    journal = {Applied Intelligence},
    volume = {50},
    pages = {2370--2383},
    doi = {10.1007/s10489-020-01633-3}
}

@techreport{Shehabi2024,
    author = {Shehabi, A. and Smith, S.J. and Hubbard, A. and Newkirk, A. and Lei, N. and Siddik, M.A.B. and Holecek, B. and Koomey, J. and Masanet, E. and Sartor, D.},
    year = {2024},
    title = {2024 United States Data Center Energy Usage Report},
    institution = {Lawrence Berkeley National Laboratory},
    address = {Berkeley, California}
}

@book{SivanandamDeepa2008,
    author = {Sivanandam, S. N. and Deepa, S. N.},
    year = {2008},
    title = {Introduction to Genetic Algorithms},
    publisher = {Springer}
}

@inproceedings{SonklinSonklin2023,
    author = {Sonklin, C. and Sonklin, K.},
    year = {2023},
    title = {A Multi-Objective Grouping Genetic Algorithm for Server Consolidation in Cloud Data Centers},
    booktitle = {The 20th International Joint Conference on Computer Science and Software Engineering ({JCSSE}2023)},
    address = {Phitsanulok, Thailand},
    month = jun,
    doi = {10.1109/JCSSE58229.2023.10202081}
}

@article{TangPan2014,
    author = {Tang, M. and Pan, S.},
    year = {2014},
    title = {A Hybrid Genetic Algorithm for the Energy-Efficient Virtual Machine Placement Problem in Data Centers},
    journal = {Neural Processing Letters},
    pages = {211--221},
    doi = {10.1007/s11063-014-9339-8}
}

@article{Tao2016,
    author = {Tao, F. and Li, C. and Liao, T. W. and Laili, Y.},
    year = {2016},
    title = {{BGM-BLA}: A New Algorithm for Dynamic Migration of Virtual Machines in Cloud Computing},
    journal = {IEEE Transactions on Services Computing},
    volume = {9},
    number = {6},
    pages = {910--925},
    doi = {10.1109/TSC.2015.2416928}
}

@article{TripathiPathakVidyarthi2020,
    author = {Tripathi, A. and Pathak, I. and Vidyarthi, D. P.},
    year = {2020},
    title = {Modified Dragonfly Algorithm for Optimal Virtual Machine Placement in Cloud Computing},
    journal = {Journal of Network and Systems Management},
    volume = {28},
    pages = {1316--1342},
    doi = {10.1007/s10922-020-09538-9}
}

@article{VasquesMouraAlmeida2019,
    author = {Vasques, T. L. and Moura, P. and de Almeida, A.},
    year = {2019},
    title = {A review on energy efficiency and demand response with focus on small and medium data centers},
    journal = {Energy Efficiency},
    volume = {12},
    pages = {1399--1428},
    doi = {10.1007/s12053-018-9753-2}
}

@article{Wei2019,
    author = {Wei, W. and Gu, H. and Lu, W. and Zhou, T. and Liu, X.},
    year = {2019},
    title = {Energy Efficient Virtual Machine Placement With an Improved Ant Colony Optimization Over Data Center Networks},
    journal = {IEEE Access},
    volume = {7},
    pages = {60617--60625},
    doi = {10.1109/ACCESS.2019.2911914}
}

@inproceedings{Wu2021,
    author = {Wu, X.},
    year = {2021},
    title = {A {GA}-Based Energy Aware Virtual Machine Placement Algorithm for Cloud Data Centers},
    booktitle = {2021 12th International Symposium on Parallel Architectures, Algorithm and Programming},
    doi = {10.1109/PAAP54281.2021.9720442},
    note = {Accessed: 2025-03-15}
}

@inproceedings{XuFortes2010,
    author = {Xu, J. and Fortes, J. A. B.},
    year = {2010},
    title = {Multi-objective Virtual Machine Placement in Virtualized Data Center Environments},
    booktitle = {2010 {IEEE/ACM} International Conference on Green Computing and Communications \& 2010 {IEEE/ACM} International Conference on Cyber, Physical and Social Computing},
    doi = {10.1109/GreenCom-CPSCom.2010.137},
    note = {Accessed: 2025-03-15}
}

@article{YaoShenWang2019,
    author = {Yao, W. and Shen, Y. and Wang, D.},
    year = {2019},
    title = {A Weighted PageRank-Based Algorithm for Virtual Machine Placement in Cloud Computing},
    journal = {IEEE Access},
    volume = {7},
    pages = {176369--176381},
    doi = {10.1109/ACCESS.2019.2957772}
}

@article{YeYinLan2017,
    author = {Ye, X. and Yin, Y. and Lan, L.},
    year = {2017},
    title = {Energy-Efficient Many-Objective Virtual Machine Placement Optimization in a Cloud Computing Environment},
    journal = {IEEE Access},
    volume = {5},
    pages = {16006--16020},
    doi = {10.1109/ACCESS.2017.2733723}
}

@article{You2009,
    author = {You, F. and Castro, P. M. and Grossmann, I. E.},
    year = {2009},
    title = {{Dinkelbach}'s algorithm as an efficient method to solve a class of {MINLP} models for large-scale cyclic scheduling problems},
    journal = {Computers and Chemical Engineering},
    volume = {33},
    pages = {1879--1889},
    doi = {10.1016/j.compchemeng.2009.05.014}
}

@article{YousefiBabamir2024,
    author = {Yousefi, M. and Babamir, S. M.},
    year = {2024},
    title = {A hybrid energy-aware algorithm for virtual machine placement in cloud computing},
    journal = {Computing},
    volume = {106},
    pages = {1297--1320},
    doi = {10.1007/s00607-024-01280}
}

@article{ZhangLi2007,
    author = {Zhang, Q. and Li, H.},
    year = {2007},
    title = {{MOEA/D}: A Multiobjective Evolutionary Algorithm Based on Decomposition},
    journal = {IEEE Transactions on Evolutionary Computation},
    volume = {11},
    number = {6},
    pages = {712--731},
    doi = {10.1109/TEVC.2007.892759}
}

@article{ZhaoZhouLi2019,
    author = {Zhao, D. and Zhou, J. and Li, K.},
    year = {2019},
    title = {An Energy-Aware Algorithm for Virtual Machine Placement in Cloud Computing},
    journal = {IEEE Access},
    volume = {7},
    pages = {55659--55668},
    doi = {10.1109/ACCESS.2019.2913175}
}

@article{Zhou2017,
    author = {Zhou, Y. and Chen, Z. and Zhang, Y.},
    year = {2017},
    title = {Ranking Vectors by Means of the Dominance Degree Matrix},
    journal = {IEEE Transactions on Evolutionary Computation},
    doi = {10.1109/TEVC.2016.2567648}
}
